<record xmlns="http://www.loc.gov/MARC21/slim" xmlns:xsi="http://www.w3.org/2001/XMLSchema-instance" xsi:schemaLocation="http://www.loc.gov/MARC21/slim http://www.loc.gov/standards/marcxml/schema/MARC21slim.xsd"><leader>     nam a22        4500</leader><controlfield tag="001">3071299</controlfield><controlfield tag="003">NNC</controlfield><controlfield tag="006">m        d        </controlfield><controlfield tag="007">cr cn |||m|||a</controlfield><controlfield tag="008">150313s1900    ua      o     000 0 ara d</controlfield><datafield ind1=" " ind2=" " tag="040"><subfield code="a">NNU</subfield><subfield code="b">eng</subfield><subfield code="c">NNU</subfield></datafield><datafield ind1="1" ind2=" " tag="100"><subfield code="6">880-01</subfield><subfield code="a">Ibn Taymi&#772;yah, Ah&#803;mad ibn &#699;Abd al-H&#803;ali&#772;m,</subfield><subfield code="d">1263-1328.</subfield></datafield><datafield ind1="1" ind2="3" tag="245"><subfield code="a">al-H&#803;isbah fi&#772; al-Isla&#772;m</subfield><subfield code="h">[electronic resource] :</subfield><subfield code="b">aw, Waz&#803;i&#772;fat al-h&#803;uku&#772;mah al-Islami&#772;yah,</subfield><subfield code="c">ta&#700;li&#772;f shaykh al-Isla&#772;m al-ima&#772;n Abi&#772;-al-&#699;Abba&#772;s Ah&#803;mad ibn Taymi&#772;yah al-H&#803;anbali&#772; (al-mutawaffa&#772; sanata 728 h.).</subfield></datafield><datafield ind1=" " ind2=" " tag="260"><subfield code="a">[al-Qa&#772;hirah] :</subfield><subfield code="b">Mat&#803;ba&#699;at al-Mu&#700;ayyad,</subfield><subfield code="c">1318 h. [1900]</subfield></datafield><datafield ind1=" " ind2=" " tag="300"><subfield code="a">online resource (93 p.)</subfield></datafield><datafield ind1=" " ind2=" " tag="500"><subfield code="a">Part of the Arabic Collections Online (ACO) project, contributed by Columbia University Libraries.</subfield></datafield><datafield ind1=" " ind2=" " tag="533"><subfield code="a">Electronic reproduction.</subfield><subfield code="b">New York, N.Y. :</subfield><subfield code="c">New York University,</subfield><subfield code="d">2015.</subfield><subfield code="5">NNU</subfield></datafield><datafield ind1=" " ind2="0" tag="650"><subfield code="a">Muh&#803;tasib</subfield><subfield code="v">Early works to 1800.</subfield></datafield><datafield ind1=" " ind2="7" tag="650"><subfield code="a">Muh&#803;tasib.</subfield><subfield code="2">fast</subfield><subfield code="0">(OCoLC)fst01031253</subfield></datafield><datafield ind1=" " ind2="7" tag="655"><subfield code="a">Early works.</subfield><subfield code="2">fast</subfield><subfield code="0">(OCoLC)fst01411636</subfield></datafield><datafield ind1="2" ind2=" " tag="710"><subfield code="a">Columbia University.</subfield><subfield code="b">Libraries.</subfield></datafield><datafield ind1="0" ind2=" " tag="730"><subfield code="a">Arabic Collections Online.</subfield></datafield><datafield ind1="0" ind2=" " tag="740"><subfield code="a">Waz&#803;i&#772;fat al-h&#803;uku&#772;mah al-Isla&#772;miyah.</subfield></datafield><datafield ind1="0" ind2="8" tag="776"><subfield code="i">Print version:</subfield><subfield code="a">Ibn Taymi&#772;yah, Ah&#803;mad ibn &#699;Abd al-H&#803;ali&#772;m, 1263-1328.</subfield><subfield code="t">al-H&#803;isbah fi&#772; al-Isla&#772;m</subfield><subfield code="w">(NNC)3071299</subfield><subfield code="w">(OCoLC)47813532</subfield></datafield><datafield ind1="4" ind2="0" tag="856"><subfield code="u">http://hdl.handle.net/2333.1/8931zg41</subfield></datafield><datafield ind1="1" ind2=" " tag="880"><subfield code="6">100-01/r</subfield><subfield code="a">&#1576;&#1606; &#1578;&#1610;&#1605;&#1610;&#1577;&#1548; &#1575;&#1581;&#1605;&#1583; &#1576;&#1606; &#1593;&#1576;&#1583; &#1575;&#1604;&#1581;&#1604;&#1610;&#1605;&#1548;</subfield><subfield code="d">1263-1328.</subfield></datafield><datafield ind1="1" ind2="2" tag="880"><subfield code="6">245-00/r</subfield><subfield code="a">&#1575;&#1604;&#1581;&#1587;&#1576;&#1577; &#1601;&#1609; &#1575;&#1604;&#1575;&#1587;&#1604;&#1575;&#1605;&#1548; &#1575;&#1608; &#1608;&#1592;&#1610;&#1601;&#1577; &#1575;&#1604;&#1581;&#1603;&#1608;&#1605;&#1577; &#1575;&#1604;&#1575;&#1587;&#1604;&#1575;&#1605;&#1610;&#1577;.</subfield></datafield><datafield ind1=" " ind2=" " tag="880"><subfield code="6">260-00/r</subfield><subfield code="a">[&#1575;&#1604;&#1602;&#1575;&#1607;&#1585;&#1577;[ :</subfield><subfield code="b">&#1605;&#1591;&#1576;&#1593;&#1577; &#1575;&#1604;&#1605;&#1572;&#1610;&#1583;&#1548;</subfield><subfield code="c">1318 ]1900[</subfield></datafield><datafield ind1=" " ind2=" " tag="959"><subfield code="a">NNU</subfield><subfield code="b">WEB</subfield><subfield code="c">GENI</subfield><subfield code="t">0</subfield><subfield code="m">Electronic access</subfield><subfield code="s">01</subfield></datafield><datafield ind1=" " ind2=" " tag="999"><subfield code="i">NNC_3071299</subfield><subfield code="o">(OCoLC)ocm47813532 </subfield><subfield code="s">columbia_aco000485</subfield><subfield code="e">(ERROR-880)</subfield></datafield></record>